@inproceedings{p241-miloiic,
  author = "{DEJAN, MILOJICIC AND FRED, DOUGLIS AND YVES, PAINDAVEINE AND RICHARD, WHEELER AND SONGNIAN ZHOU}",
  title = "{Process Migration}",
  booktitle = "{ACM Computing Surveys}",
  pages = "241--299",
  volume={32},
  year={2000},
}

@inproceedings{userlevel,
  author = "{LITZKOW, M. AND SOLOMON, M}",
  title = "{Supporting Checkpointing and Process Migration outside the UNIX Kernel}",
  booktitle = "{Proceedings of the USENIX Winter Conference}",
  pages = "283--290",
  year={1992},
}

@inproceedings{Mach,
  author = "{ACCETTA, M., BARON, R., BOLOSKY, W., GOLUB, D., RASHID, R., TEVANIAN, A., AND YOUNG, M.}",
  title = "{Mach: A New Kernel Foundation for UNIX Development}",
  booktitle = "{Proceedings of the Summer USENIX}",
  pages = "93--112"
}

@inproceedings{Chorus,
  author = "{ROZIER, M.}",
  title = "{Chorus (Overview of the Chorus Distributed Operating System)}",
  booktitle = "{Proceedings of USENIX Workshop on Micro-kernels and Other Kernel Architectures}",
  pages = "39--70"
}

@inproceedings{Amoeba,
  author = "{TANENBAUM, A. S., RENESSE, R. VAN, STAVEREN, H. VAN., SHARP, G. J., MULLENDER, S. J., JANSEN, A. J., AND VAN ROSSUM, G.}",
  title = "{Experiences with the Amoeba Distributed Operating System}",
  booktitle = "{Communications of the ACM}",
  volume={33},
  issue={12},
  pages = "46--63"
}

@inproceedings{condor,
  author = "{LITZKOW, M., LIVNY, M., AND MUTKA, M.}",
  title = "{Condor: A Hunter of Idle Workstation}",
  booktitle = "{Proceedings of the 8th International Conference on Distributed Computing Systems}",
  pages = "104 -- 111",
  year={1988},
}

@inproceedings{lsf,
  author = "{PLATFORM COMPUTING}",
  title = "{LSF User’s and Administrator’s Guides}",
  booktitle = "{Platform Computing Corporation}",
  version = {2.2}
}

@inproceedings{spin,
  author = "{BERSHAD, B., SAVAGE, S., PARDYAK, P., SIRER, E. G., FIUCZINSKI, M., BECKER, D., CHAMBERS, C., AND EGGERS, S.}",
  title = "{Extensibility, Safety and Performance in the SPIN Operating System}",
  booktitle = "{Proceedings of the 15th Symposium on Operating Systems Principles}",
  pages = "267--284",
  year={1995},
}
@inproceedings{synthetix,
  author = "{PU, C., AUTREY, T., BLACK, A., CONSEL, C., COWAN, C., INOUYE, J., KETHANA, L., WALPOLE, J., AND ZHANG, K.}",
  title = "{Optimistic Incremental Specialization}",
  booktitle = "{Proceedings of the 15th Symposium on Operating Systems Principles}",
  pages = "314--324",
  year={1995},
}
@inproceedings{exokernel,
  author = "{ENGLER, D. R., KAASHOEK, M. F., AND O’TOOLE, J. J.}",
  title = "{Exokernel: An Operating System Architecture for Application-Level Resource Management.}",
  booktitle = "{Proceedings of the 15th Symposium on Operating Systems Principles}",
  pages = "26--284",
  year={1995},
}
@inproceedings{baraks,
  author = "{BARAK, A. AND SHILOH, A.}",
  title = "{A Distributed Load-Balancing Policy for a Multicomputer}",
  booktitle = "{Software-Practice and Experience}",
  pages = "901--913",
  volume={15},
  issue={9},
  year={1985},
}

@inproceedings{theimer,
  author = "{THEIMER, M., LANTZ, K., AND CHERITON, D.}",
  title = "{Preemptable Remote Execution Facilities for the V System}",
  booktitle = "{Proceedings of the 10th ACM Symposium on OS Principles}",
  pages = "2--12",
  year={1985}
}

@inproceedings{zayas,
  author = "{ZAYAS, E.}",
  title = "{Attacking the Process Migration Bottleneck}",
  booktitle = "{Proceedings of the 11th Symposium on Operating Systems Principles}",
  pages = "13--24",
  year={1987}
}

@inproceedings{douglis,
  author = "{DOUGLIS, F. AND OUSTERHOUT, J.}",
  title = "{Transparent Process Migration: Design Alternatives and the Sprite Implementation}",
  booktitle = "{Software-Practice and Experience}",
  pages = "757--785",
  volume={21},
  issue={8},
  year={1991}
}

@inproceedings{roush,
  author = "{ROUSH, E. T. AND CAMPBELL, R.}",
  title = "{Fast Dynamic Process Migration}",
  booktitle = "{Proceedings of the International Conference on Distributed Computing Systems}",
  pages = "637--645",
  year={1996}
}

@inproceedings{mosix,
  author = "{BARAK, A. AND LITMAN, A.}",
  title = "{MOS: a Multicomputer Distributed Operating System}",
  booktitle = "{Software-Practice and Experience}",
  pages = "725--737",
  volume={15},
  issue={8},
  year={1985}
}

@inproceedings{sprite,
  author = "{OUSTERHOUT, J., CHERENSON, A., DOUGLIS, F., NELSON, M., AND WELCH}",
  title = "{The Sprite Network Operating System}",
  booktitle = "{IEEE Computer}",
  pages = "23--26",
  year={1988}
}

@inproceedings{locus,
  author = "{WALKER, B., POPEK, G., ENGLISH, R., KLINE, C., AND THIEL, G.}",
  title = "{The LOCUS Distributed Operating System}",
  booktitle = "{Proceedings of the 9th Symposium on Operating Systems Principles}",
  pages = "49--70",
  volume={17},
  issue={5},
  year={1983}
}


@inproceedings{osf1ad,
  author = "{ZAJCEW, R., ROY, P., BLACK, D., PEAK, C., GUEDES, P., KEMP, B., LOVERSO, J., LEIBENSPERGER, M., BARNETT, M., RABII, F., AND NETTERWALA, D.}",
  title = "{An OSF/1 UNIX for Massively Parallel Multicomputers}",
  booktitle = "{Proceedings of the Winter USENIX Conference}",
  pages = "449--468",
  year={1993}
}



@inproceedings{lazo,
  author = "{LAZOWSKA, E. D., LEVY, H. M., ALMES, G. T., FISHER, M. J., FOWLER, R. J., AND VESTAL, S. C.}",
  title = "{The Architecture of the Eden System}",
  booktitle = "{Proceedings of the 8th ACM Symposium on Operating Systems}",
  pages = "148--159",
  year={1981}
}

@inproceedings{loubutin,
  author = "{LOUBOUTIN, S.}",
  title = "{An Implementation of a Process Migration Mechanism using Minix}",
  booktitle = "{Proceedings of 1991 European Autumn Conference, Budapest, Hungary}",
  pages = "213--224",
  year={1991}
}

@inproceedings{sinha,
  author = "{SINHA, P., MAEKAWA, M., SHIMUZU, K., JIA, X., ASHIHARA, UTSUNOMIYA, N., PARK, AND NAKANO, H.}",
  title = "{The Galaxy Distributed Operating System}",
  booktitle = "{IEEE Computer}",
  pages = "34--40",
  year={1991},
  volume={24},
  issue={8}
}

@inproceedings{dediu,
  author = "{DEDIU, H., CHANG, C. H., AND AZZAM, H.}",
  title = "{Heavyweight Process Migration}",
  booktitle = "{Proceedings of the Third Workshop on Future Trends of Distributed Computing Systems}",
  pages = "221--225",
  year={1992}
}

@inproceedings{dijk,
  author = "{VAN DIJK, G. J. W. AND VAN GILS, M. J.}",
  title = "{Efficient process migration in the EMPS multiprocessor}",
  booktitle = "{Proceedings of the 6th International Parallel Processing Symposium}",
  pages = "58--66",
  year={1992}
}

@inproceedings{schill,
  author = "{SCHILL, A. AND MOCK, M.}",
  title = "{DC++: Distributed Object Oriented System Support on top of OSF DCE}",
  booktitle = "{Distributed Systems Engineering 1, 2}",
  pages = "112--125",
  year={1993}
}

@inproceedings{petri,
  author = "{PETRI, S. AND LANGENDORFER, H.}",
  title = "{Load Balancing and Fault Tolerance in Workstation Clusters Migrating Groups of Communicating Processes}",
  booktitle = "{Operating Systems Review}",
  pages = "25--36",
  year={1995},
  volume={29},
  issue={4}
}

@inproceedings{schrimpf,
  author = "{SCHRIMPF, H.}",
  title = "{Migration of Processes, Files and Virtual Devices in the MDX Operating System}",
  booktitle = "{Operating Systems Review}",
  pages = "70--81",
  year={1995},
  volume={29},
  issue={2}
}

@inproceedings{ksplice,
  author = "{J. ARNOLD AND M. FRANS KAASHOEK}",
  title = "{Ksplice: automatic rebootless kernel updates}",
  booktitle = "{Proceedings of the ACM EuroSys Conference}",
  year={2009}
}
@inproceedings{liveupdate,
  author = "{H. CHEN, R. CHEN, F. ZHANG, B. ZANG, AND P.-C. YEW.}",
  title = "{Live updating operating systems using virtualization}",
  booktitle = "{Proceedings of the 2nd international conference on Virtual execution environments}",
  pages = "35--44",
  year={2006}
}

@inproceedings{opus,
  author = "{P. BURSTEIN, G. ALTEKAR, I. BAGRAK AND A. SCHULTZ}",
  title = "{OPUS: Online Patches and Updates for Security}",
  booktitle = "{Proceedings of the 14th USENIX Security Symposium, Baltimore, MD USA}",
pages = "19--19",
  year={2005}
}
@inproceedings{dynamicupdate,
  author = "{A. BAUMANN, G. HEISER, J. APPAVOO, D. D. SILVA, O. KRIEGER, R. W. WISNIEWSKI, AND J. KERR}",
  title = "{Providing dynamic update in an operating system}",
  booktitle = "{Proceedings of the USENIX ATC, Anaheim, CA, USA}",
  pages = "279--291",
  year={2005}
}


@inproceedings{procm1,
  author = "{J. M. SMITH, J. GERALD, AND Q. MAGUIRE}",
  title = "{Process Migrations: Effects on Scientific Computation}",
  booktitle = "{ACM SIGPLAN Notices}",
  pages = "102--106",
  year={1988},
  volume={23},
  issue={3}
}


@inproceedings{migtime,
  author = "{C. CLARK , K. FRASER , S. HAND , J. GORM HANSEN , E. JUL , C. LIMPACH , I. PRATT , A. WARFIELD}",
  title = "{Live migration of virtual machines}",
  booktitle = "{Proceedings of the 2nd conference on Symposium on Networked Systems Design & Implementation}",
  pages = "273--286",
  year={2005}
}

@inproceedings{cloud,
  author = "{B. PRASAD RIMAL, E. CHOI, I. LUMB}",
  title = "{A Taxonomy and Survey of Cloud Computing Systems}",
  booktitle = "{Proceedings of the NCM’09: Fifth International Joint Conference on INC, IMS and IDC}",
  pages = "44--51",
  year={2009}
}

@inproceedings{cloudusage,
  author = "{D. RAJDEEP, A. REDDY RAJA, AND D. KAKADIA}",
  title = "{"Virtualization vs Containerization to Support PaaS}",
  booktitle = "{Proceedings of the IEEE International Conference on Cloud Engineering}",
  year={2014}
}

@inproceedings{vmcntperf1,
  author = "{FELTER, W., FERREIRA, A., RAJAMONY, R., AND RUBIO, J.}",
  title = "{"An updated performance comparison of virtual machines and Linux containers}",
  booktitle = "{Proceedings of IEEE International Symposium on Performance Analysis of Systems and Software}",
pages = "171--172",
  year={2015}
}

@inproceedings{vmcntperf2,
  author = "{A. M. Joy}",
  title = "{"Performance comparison between linux containers and virtual machines}",
  booktitle = "{Proceedings of the International Conference on Advances in Computer Engineering and Application(ICACEA)}",
  pages = "342--346",
  year={2015}
}

@inproceedings{containeronhypervisor,
  author = "{D. BERNSTEIN}",
  title = "{Containers and Cloud: From LXC to Docker to Kubernetes}",
  booktitle = "{Proceedings of the IEEE Cloud Computing}",
  pages = "81--84",
  year={2014},
  volume={1},
  issue={3}
}
@inproceedings{containerusage1,
  author = "{W. LI, A. KANSO, AND A. GHERBI}",
  title = "{Leveraging linux containers to achieve high availability for cloud services}",
  booktitle = "{Proceedings of the IEEE international conference on cloud engineering}",
  pages = "76--83",
  year={2015},
}
@inproceedings{docker,
  author = "{MERKEL, D.}",
  title = "{Docker: Lightweight Linux Containers for Consistent Development and Deployment}",
  booktitle = "{Linux Journal}",
  year={2014},
  volume={2014},
  issue={239}
}


@inproceedings{granttable,
  author = "{K. FRASER, S. HAND, R. NEUGEBAUER, I. PRATT, A. WARFIELD, AND M. WILLIAMSON}",
  title = "{Safe Hardware Access with the Xen Virtual Machine Monitor}",
  booktitle = "{Proceedings of the Workshop on Operating System and Architectural Support for the On Demand IT InfraStructure (OASIS)}",
  year={2004}
}

@inproceedings{xen,
  author = "{P. Barham, B. Dragovic, K. Fraser, S. Hand, T. Harris, A. Ho, R. Neugebauer, I. Pratt, and A. Warfield}",
  title = "{Xen and the Art of Virtualization}",
  booktitle = "{Proceedings of the nineteenth ACM symposium on Operating systems principles (SOSP)}",
  pages = "164--177",
  year={2003}
}

@inproceedings{kvm,
  author = "{A. KIVITY, Y. KAMAY, K. LAOR, U. LUBLIN, AND A. LIGUORI}",
  title = "{Kvm: The linux virtual machine monitor}",
  booktitle = "{Proceedings of the Ottawa Linux Symposium}",
pages = "225--230",
  year={2007}
}

@inproceedings{qemu,
  author = "{BELLARD, F.}",
  title = "{QEMU, a fast and portable dynamic translator. }",
  booktitle = "{Proceedings of the USENIX Annual Technical Conference}",
  pages = "41--46",
  year={2005}
}

@inproceedings{sysbench,
  author = "{KOPYTOV, A.}",
  title = "Sysbench Manual",
  note={\url{http://imysql.com/wp-content/uploads/2014/10/sysbench-manual.pdf}},
  year={2009}
}

@misc{kpatch,
    author = "{Poimboeuf, J. and Jennings, S.}",
    title = "Introducing kpatch: Dynamic kernel patching",
    note={\url{https://rhelblog.redhat.com/2014/02/26/kpatch/}},
    year={2014}
}

@misc{kpatch1st,
    author = "J. Corbet",
    title = "The first kpatch submission",
    note={\url{https://lwn.net/Articles/597407/}},
    year={2014}
}
@misc{criu,
    author = "Checkpoint/Restore In Userspace",
    note={\url{https://criu.org/Main_Page}}
}

@misc{phaul,
    author = "P.Haul",
    note={\url{https://criu.org/P.Haul}}
}

@misc{openvz,
    author = "OpenVZ",
    note={\url{https://wiki.openvz.org/Main_Page}}
}

@misc{coreos_rocket,
    author = "Container Linux",
    note={\url{https://coreos.com/}}
}

@misc{livepatching,
    author = "Live patching",
    note={\url{https://kernelnewbies.org/Linux_4.0}}
}

@misc{kgraft,
    author = "kGraft: Live Kernel Patching",
    note={\url{https://www.suse.com/c/kgraft-live-kernel-patching/}}
}
@inproceedings{speccpu2017,
  author = "SPEC CPU 2017 benchmark suite",
  note={\url{https://www.spec.org/cpu2017/}}
}


@inproceedings{lxc,
  author = "Linux Containers",
  note={\url{https://linuxcontainers.org/lxc/introduction/}}
}


@inproceedings{lxd,
  author = "Linux Containers",
  note={\url{https://linuxcontainers.org/lxd/introduction/}}
}

@inproceedings{aws,
  author = "Amazon Elastic Container Service",
  note={\url{https://aws.amazon.com/ecs/}}
}

@inproceedings{gcpkubernetes,
  author = "Kubernetes Engine",
  note={\url{https://cloud.google.com/kubernetes-engine/}}
}

@inproceedings{azureks,
  author = "Azure Kubernetes Service",
  note={\url{https://azure.microsoft.com/en-us/services/kubernetes-service/}}
}

@inproceedings{ibmkubernetes,
  author = "IBM Cloud Kubernetes Service",
  note={\url{https://www.ibm.com/cloud/container-service}}
}

@inproceedings{vmwarepks,
  author = "VMware Pivotal Container Service",
  note={\url{https://cloud.vmware.com/vmware-pks}}
}

@inproceedings{iperf,
  author = "{Iperf}",
  note={\url{https://iperf.fr/iperf-download.php}}
}


@inproceedings{googlecontainer,
  author = "Google: 'EVERYTHING at Google runs in a container",
  note={\url{https://www.theregister.co.uk/2014/05/23/google_containerization_two_billion/}}
}

@misc{Lambda,
      author  = "AWS Lambda",
      note = {\url{https://aws.amazon.com/lambda/}},
    }
    
@misc{gcpserverless,
	author="Google Serverless Computing",
    note={\url{https://cloud.google.com/serverless/}}
}


@misc{azureserverless,
	author="Azure Serverless Computing",
    note={\url{https://azure.microsoft.com/en-us/overview/serverless-computing/}}
}

@inproceedings{faas,
  author = "{Ellis, A.}",
  title     = {{Introducing Functions as a Service (OpenFaaS).}},
   note={\url{https://blog.alexellis.io/introducing-functions-as-a-service/}}
}

@inproceedings{hendrickson2016serverless,
  author = "{HENDRICKSON, S., STURDEVANT, S., HARTER, T., VENKATARAMANI, V., ARPACI-DUSSEAU, A. C., AND ARPACI-DUSSEAU, R. H.}",
  title = "{Serverless computation with openlambda}",
  booktitle = "{Proceedings of the 8th USENIX Workshop on Hot Topics in Cloud Computing, HotCloud}",  
  year={2016}
}

@inproceedings{evl,
  author = "{WILLIAMS, D., HU, Y., DESHPANDE, U., SINHA, P. K., BILA, N., GOPALAN, K., AND JAMJOOM, H.}",
  title = "{Enabling efficient hypervisor-as-aservice clouds with ephemeral virtualization.}",
  booktitle = "{Proceedings of the 12th ACM SIGPLAN/SIGOPS International Conference on Virtual Execution Environments (VEE)}",  
  year={2016}
}

@inproceedings{intelept,
  author = "{Intel}",
  title = "{Enabling Intel® Virtualization Technology Features and Benefits (White Paper)}",
  note={\url{https://www.intel.com/content/dam/www/public/us/en/documents/white-papers/virtualization-enabling-intel-virtualization-technology-features-and-benefits-paper.pdf}}
}

@inproceedings{amdnpt,
  author = "{AMD}",
  title = "{AMD-V Nested Paging (White Paper)}",
  note={\url{http://developer.amd.com/wordpress/media/2012/10/NPT-WP-1%201-final-TM.pdf}},
  year={2008}
}

@misc{kvmhpcl,
    author = "Linux KVM Hypercall",
    note={\url{https://www.kernel.org/doc/Documentation/virtual/kvm/hypercalls.txt}}
}

@article{Hines:2009:PLM:1618525.1618528,
 author = {Hines, Michael R. and Deshpande, Umesh and Gopalan, Kartik},
 title = {Post-copy Live Migration of Virtual Machines},
 journal = {SIGOPS Oper. Syst. Rev.},
 issue_date = {July 2009},
 volume = {43},
 number = {3},
 month = jul,
 year = {2009},
 issn = {0163-5980},
 pages = {14--26},
 numpages = {13},
 url = {http://doi.acm.org/10.1145/1618525.1618528},
 doi = {10.1145/1618525.1618528},
 acmid = {1618528},
 publisher = {ACM},
 address = {New York, NY, USA},
 keywords = {operating systems, post-copy, process migration, virtual machines, xen},
} 

@inproceedings{parsec,
  author = "{C. BIENIA, S. KUMAR, J. P. SINGH, AND K. LI}",
  title = "{The PARSEC Benchmark Suite: Characterization and Architectural Implications.}",
  booktitle = "{Proceedings of the 17th International Conference on Parallel Architectures and Compilation Techniques}",  
  note={\url{http://parsec.cs.princeton.edu/}},
  year={2008}
}


