@inproceedings{turtles,
 author = {Ben-Yehuda, Muli and Day, Michael D. and Dubitzky, Zvi and Factor, Michael and Har'El, Nadav and Gordon, Abel and Liguori, Anthony and Wasserman, Orit and Yassour, Ben-Ami},
 title = {The {Turtles} Project: Design and Implementation of Nested Virtualization},
 booktitle = {Proc. of Operating Systems Design and Implementation},
 year = {2010},
} 

@inproceedings{gopalan2017multi,
  title={Multi-hypervisor virtual machines: enabling an ecosystem of hypervisor-level services},
  author={Gopalan, Kartik and Kugve, Rohit and Bagdi, Hardik and Hu, Yaohui and Williams, Daniel and Bila, Nilton},
  booktitle={2017 {USENIX} Annual Technical Conference ({USENIX ATC 17})},
  pages={235--249},
  year={2017},
  organization={USENIX Association}
}

@article{williams2016enabling,
  title={Enabling efficient hypervisor-as-a-service clouds with eemeral virtualization},
  author={Williams, Dan and Hu, Yaohui and Deshpande, Umesh and Sinha, Piush K and Bila, Nilton and Gopalan, Kartik and Jamjoom, Hani},
  journal={ACM SIGPLAN Notices},
  volume={51},
  pages={79--92},
  year={2016},
  publisher={ACM}
}
%number={7},

@misc{MicrosoftAzure:2018,
      key = {Planned maintenance for Linux virtual machines},
      title  = "Planned maintenance for Linux virtual machines",
      note   = "\url{https://docs.microsoft.com/en-us/azure/virtual-machines/linux/maintenance-and-updates?toc=%2Fazure%2Fvirtual-machines%2Flinux%2Ftoc.json#memory-preserving-updates}",
      year   = "2018"
}

@inproceedings{brasser2014swap,
  author={Brasser, Franz Ferdinand and Bucicoiu, Mihai and Sadeghi, Ahmad-Reza},
  title={Swap and play: Live updating hypervisors and its application to xen},
  year={2014},
  booktitle={Proceedings of the 6th edition of the ACM Workshop on Cloud Computing Security},
  organization={ACM},
  pages={33--44}
}

@inproceedings{clark2005live,
  author={Clark, Christopher and Fraser, Keir and Hand, Steven and Hansen, Jacob Gorm and Jul, Eric and Limpach, Christian and Pratt, Ian and Warfield, Andrew},
  title={Live migration of virtual machines},
  year={2005},
  booktitle={Proceedings of the 2nd Conference on Symposium on Networked Systems Design \& Implementation-Volume 2},
  organization={USENIX Association},
  pages={273--286}
}

@misc{Livepatch:Xen,
      key = {Live Patching of Xen},
      title  = "Live Patching of Xen",
      note   = "\url{https://wiki.xenproject.org/wiki/LivePatch}",
}

@inproceedings{barham2003xen,
  author={Barham, Paul and Dragovic, Boris and Fraser, Keir and Hand, Steven and Harris, Tim and Ho, Alex and Neugebauer, Rolf and Pratt, Ian and Warfield, Andrew}, 
  title={Xen and the art of virtualization},
  year={2003},
  booktitle={ACM SIGOPS operating systems review},
  volume={37},
  pages={164--177},
  organization={ACM},
}
%number={5},

@inproceedings{sugerman2001virtualizing,
  author={Sugerman, Jeremy and Venkitachalam, Ganesh and Lim, Beng-Hong},
  title={Virtualizing I/O Devices on VMware Workstation's Hosted Virtual Machine Monitor.},
  booktitle={USENIX Annual Technical Conference, General Track},
  year={2001},
  pages={1--14}
}

@article{russell2008virtio,
  author={Russell, Rusty},
  title={virtio: towards a de-facto standard for virtual I/O devices},
  journal={ACM SIGOPS Operating Systems Review},
  volume={42},
  number={5},
  pages={95--103},
  year={2008},
  publisher={ACM}
}

@misc{vhost-net,
      author = {Michael S. Tsirkin},
      title  = {vhost-net: A kernel-level virtio server},
      note   = {\url{https://lwn.net/Articles/346267/}},
      year   = August 10 2009,
}


@inproceedings{ben2006utilizing,
  title={Utilizing IOMMUs for virtualization in Linux and Xen},
  author={Ben-Yehuda, Muli and Mason, Jon and Xenidis, Jimi and Krieger, Orran and Van Doorn, Leendert and Nakajima, Jun and Mallick, Asit and Wahlig, Elsie},
  booktitle={OLSâ€™06: The 2006 Ottawa Linux Symposium},
  pages={71--86},
  year={2006},
  organization={Citeseer}
}

@inproceedings{kivity2007kvm,
  title={kvm: the Linux virtual machine monitor},
  author={Kivity, Avi and Kamay, Yaniv and Laor, Dor and Lublin, Uri and Liguori, Anthony},
  booktitle={Proceedings of the Linux symposium},
  volume={1},
  pages={225--230},
  year={2007},
  organization={Dttawa, Dntorio, Canada}
}

@INPROCEEDINGS{Pratt05xen3.0,
    author = {Ian Pratt and Keir Fraser and Steven H and Christian Limpach and Andrew Warfield and Dan Magenheimer and Jun Nakajima and Asit Mallick},
    title = {Xen 3.0 and the art of virtualization},
    booktitle = {Proceedings of the 2005 Ottawa Linux Symposium},
    year = {2005}
}

@inproceedings{har2013efficient,
  title={Efficient and Scalable Paravirtual I/O System.},
  author={Har'El, Nadav and Gordon, Abel and Landau, Alex and Ben-Yehuda, Muli and Traeger, Avishay and Ladelsky, Razya},
  booktitle={USENIX Annual Technical Conference},
  volume={26},
  pages={231--242},
  year={2013}
}

@inproceedings{bellard2005qemu,
  title={QEMU, a fast and portable dynamic translator.},
  author={Bellard, Fabrice},
  booktitle={USENIX Annual Technical Conference, FREENIX Track},
  volume={41},
  pages={46},
  year={2005}
}

@article{abramson2006intel,
  title={Intel Virtualization Technology for Directed I/O.},
  author={Abramson, Darren and Jackson, Jeff and Muthrasanallur, Sridhar and Neiger, Gil and Regnier, Greg and Sankaran, Rajesh and Schoinas, Ioannis and Uhlig, Rich and Vembu, Balaji and Wiegert, John},
  journal={Intel technology journal},
  volume={10},
  number={3},
  year={2006}
}

@inproceedings{dong2008sr,
  title={SR-IOV Networking in Xen: Architecture, Design and Implementation.},
  author={Dong, Yaozu and Yu, Zhao and Rose, Greg},
  booktitle={Workshop on I/O Virtualization},
  volume={2},
  year={2008}
}

@misc{iperf,
      key = {iperf},
      title  = "iPerf: The Network Bandwidth Measurement Tool",
      note   = "\url{https://iperf.fr/}"
}

@misc{kernbench,
	  author = {Kolivas, C.},
      title  = "Kernbench",
      note   = "\url{http://ck.kolivas.org/apps/kernbench/}"
}
 
@inproceedings{kourai2015zero,
  title={Zero-copy migration for lightweight software rejuvenation of virtualized systems},
  author={Kourai, Kenichi and Ooba, Hiroki},
  booktitle={Proceedings of the 6th Asia-Pacific Workshop on Systems},
  pages={7},
  year={2015},
  organization={ACM}
}

@inproceedings{hyperfresh_apsys,
  title={HyperFresh: Live Refresh of Hypervisors Using Nested Virtualization},
  author={Bagdi, Hardik and Kugve, Rohith and Gopalan, Kartik},
  booktitle={Proceedings of the 8th Asia-Pacific Workshop on Systems},
  pages={18},
  year={2017},
  organization={ACM}
}

@misc{ec2,
    key="{Amazon EC2}",
	title="{Amazon EC2}",
    note={\url{https://aws.amazon.com/ec2/}}
}

@misc{azure,
    key={Microsoft Azure},
	title={Microsoft Azure},
    note={\url{https://azure.microsoft.com/en-us/}}
}

@misc{gcp,
    key="{Google Cloud platform}",
	title="{Google Cloud platform}",
    note={\url{https://cloud.google.com/}}
}

@inproceedings{xenpatch,
  title={Xen patches 7-year-old bug that shattered hypervisor security},
  author={Dan Goodin},
  booktitle={https://arstechnica.com/information-technology/2015/10/xen-patches-7-year-old-bug-that-shattered-hypervisor-security/},
  year={2015},
}

@misc{gcpsecurity,
    key="{Google Infrastructure Security Design Overview}",
	title="{Google Infrastructure Security Design Overview}",
    note={\url{https://cloud.google.com/security/infrastructure/design/}},
    year={2017}
}

@misc{kvmbugs,
    key="{Linux Bug Tracker}",
	title="{Linux Bug Tracker}",
    note={\url{https://bugzilla.kernel.org/buglist.cgi?quicksearch=kvm}},
}

@article{postcopy,
 author = {Hines, Michael R. and Deshpande, Umesh and Gopalan, Kartik},
 title = {Post-copy Live Migration of Virtual Machines},
 journal = {SIGOPS Oper. Syst. Rev.},
 year = {2009},
} 

@inproceedings{mann2012remedy,
  title={Remedy: Network-aware steady state VM management for data centers},
  author={Mann, Vijay and Gupta, Akanksha and Dutta, Partha and Vishnoi, Anilkumar and Bhattacharya, Parantapa and Poddar, Rishabh and Iyer, Aakash},
  booktitle={International Conference on Research in Networking},
  pages={190--204},
  year={2012},
  organization={Springer}
}


@misc{gcp_auto,
    key={Autoscaling Groups of Instances},
	title={Autoscaling Groups of Instances},
    note={\url{https://cloud.google.com/compute/docs/autoscaler/}}
}

@misc{azure_auto,
    key="{Azure Autoscale}",
	title="{Azure Autoscale}",
    note={\url{https://azure.microsoft.com/en-us/features/autoscale/}}
}

@misc{heap_auto,
    key="{Autoscaling with Heat}",
	title="{Autoscaling with Heat}",
    note={\url{https://docs.openstack.org/senlin/latest/scenarios/autoscaling_heat.html}}
}

@misc{gcp_serverless,
    key={SERVERLESS},
	title={SERVERLESS},
    note={\url{https://cloud.google.com/serverless/}}
}

@misc{lambdamodel,
   key={{Amazon Lambda Programming Model}},
   title={{Amazon Lambda Programming Model}},
   note={\url{https://docs.aws.amazon.com/lambda/latest/dg/programming-model-v2.html}}
}

@inproceedings{huang1995software,
  title={Software rejuvenation: Analysis, module and applications},
  author={Huang, Yennun and Kintala, Chandra and Kolettis, Nick and Fulton, N Dudley},
  booktitle={ftcs},
  pages={0381},
  year={1995},
  organization={IEEE}
}

@inproceedings{parnas1994software,
  title={Software aging},
  author={Parnas, David Lorge},
  booktitle={Proceedings of the 16th international conference on Software engineering},
  pages={279--287},
  year={1994},
  organization={IEEE Computer Society Press}
}

@inproceedings{kourai2007fast,
  title={A fast rejuvenation technique for server consolidation with virtual machines},
  author={Kourai, Kenichi and Chiba, Shigeru},
  booktitle={Dependable Systems and Networks, 2007. DSN'07. 37th Annual IEEE/IFIP International Conference on},
  pages={245--255},
  year={2007},
  organization={IEEE}
}

@inproceedings{cully2008remus,
  title={Remus: High availability via asynchronous virtual machine replication},
  author={Cully, Brendan and Lefebvre, Geoffrey and Meyer, Dutch and Feeley, Mike and Hutchinson, Norm and Warfield, Andrew},
  booktitle={Proceedings of the 5th USENIX Symposium on Networked Systems Design and Implementation},
  pages={161--174},
  year={2008},
  organization={San Francisco}
}

@article{scales2010design,
  title={The design of a practical system for fault-tolerant virtual machines},
  author={Scales, Daniel J and Nelson, Mike and Venkitachalam, Ganesh},
  journal={ACM SIGOPS Operating Systems Review},
  volume={44},
  number={4},
  pages={30--39},
  year={2010},
  publisher={ACM}
}

@inproceedings{le2011rehype,
  title={ReHype: Enabling VM survival across hypervisor failures},
  author={Le, Michael and Tamir, Yuval},
  booktitle={ACM SIGPLAN Notices},
  volume={46},
  number={7},
  pages={63--74},
  year={2011},
  organization={ACM}
}

@article{candea2004microreboot,
  title={Microreboot--A Technique for Cheap Recovery},
  author={Candea, George and Kawamoto, Shinichi and Fujiki, Yuichi and Friedman, Greg and Fox, Armando},
  journal={arXiv preprint cs/0406005},
  year={2004}
}

@inproceedings{arnold2009ksplice,
  title={Ksplice: Automatic rebootless kernel updates},
  author={Arnold, Jeff and Kaashoek, M Frans},
  booktitle={Proceedings of the 4th ACM European conference on Computer systems},
  pages={187--198},
  year={2009},
  organization={ACM}
}


@misc{kpatch1,
   key={{Kernel live patching - Kpatch}},
   title={{Kernel live patching - Kpatch}},
   note={\url{https://lwn.net/Articles/596854/}}
}

@misc{kpatch2,
   key={{Kernel live patching - Kpatch2}},
   title={{Kernel live patching - Kpatch2}},
   note={\url{https://lwn.net/Articles/706327/}}
}

@misc{livepatch,
   key={{Kernel live patching}},
   title={{Kernel live patching}},
   note={\url{https://www.kernel.org/doc/Documentation/livepatch/livepatch.txt}}
}

@misc{vfiodriver,
   key={{VFIO Driver}},
   title={{VFIO Driver}},
   note={\url{https://www.kernel.org/doc/Documentation/vfio.txt}}
}


@inproceedings{p241-miloiic,
  author = "{Dejan, Milojicic And Fred, Douglis And Yves, Paindaveine And Richard, Wheeler And Songnian Zhou}",
  title = "{Process Migration}",
  booktitle = "{ACM Computing Surveys}",
  pages = "241--299",
  volume={32},
  year={2000},
}

@inproceedings{userlevel,
  author = "{LITZKOW, M. AND SOLOMON, M}",
  title = "{Supporting Checkpointing and Process Migration outside the UNIX Kernel}",
  booktitle = "{Proceedings of the USENIX Winter Conference}",
  pages = "283--290",
  year={1992},
}

@inproceedings{Mach,
  author = "{ACCETTA, M., BARON, R., BOLOSKY, W., GOLUB, D., RASHID, R., TEVANIAN, A., AND YOUNG, M.}",
  title = "{Mach: A New Kernel Foundation for UNIX Development}",
  booktitle = "{Proceedings of the Summer USENIX}",
  pages = "93--112"
}

@inproceedings{Chorus,
  author = "{ROZIER, M.}",
  title = "{Chorus (Overview of the Chorus Distributed Operating System)}",
  booktitle = "{Proceedings of USENIX Workshop on Micro-kernels and Other Kernel Architectures}",
  pages = "39--70"
}

@inproceedings{Amoeba,
  author = "{TANENBAUM, A. S., RENESSE, R. VAN, STAVEREN, H. VAN., SHARP, G. J., MULLENDER, S. J., JANSEN, A. J., AND VAN ROSSUM, G.}",
  title = "{Experiences with the Amoeba Distributed Operating System}",
  booktitle = "{Communications of the ACM}",
  volume={33},
  issue={12},
  pages = "46--63"
}

@inproceedings{condor,
  author = "{Litzkow, M., Livny, M., And Mutka, M.}",
  title = "{Condor: A Hunter of Idle Workstation}",
  booktitle = "{Proceedings of the 8th International Conference on Distributed Computing Systems}",
  pages = "104 -- 111",
  year={1988},
}

@inproceedings{lsf,
  author = "{PLATFORM COMPUTING}",
  title = "{LSF Userâ€™s and Administratorâ€™s Guides}",
  booktitle = "{Platform Computing Corporation}",
  version = {2.2}
}

@inproceedings{spin,
  author = "{Bershad, B., Savage, S., Pardyak, P., Sirer, E. G., Fiuczinski, M., Becker, D., Chambers, C., And Eggers, S.}",
  title = "{Extensibility, Safety and Performance in the SPIN Operating System}",
  booktitle = "{Proceedings of the 15th Symposium on Operating Systems Principles}",
  pages = "267--284",
  year={1995},
}
@inproceedings{synthetix,
  author = "{Pu, C., Autrey, T., Black, A., Consel, C., Cowan, C., Inouye, J., Kethana, L., Walpole, J., And Zhang, K.}",
  title = "{Optimistic Incremental Specialization}",
  booktitle = "{Proceedings of the 15th Symposium on Operating Systems Principles}",
  pages = "314--324",
  year={1995},
}
@inproceedings{exokernel,
  author = "{Engler, D. R., Kaashoek, M. F., And Oâ€™Toole, J. J.}",
  title = "{Exokernel: An Operating System Architecture for Application-Level Resource Management.}",
  booktitle = "{Proceedings of the 15th Symposium on Operating Systems Principles}",
  pages = "26--284",
  year={1995},
}
@inproceedings{baraks,
  author = "{Barak, A. And Shiloh, A.}",
  title = "{A Distributed Load-Balancing Policy for a Multicomputer}",
  booktitle = "{Software-Practice and Experience}",
  pages = "901--913",
  volume={15},
  issue={9},
  year={1985},
}

@inproceedings{theimer,
  author = "{Theimer, M., Lantz, K., And Cheriton, D.}",
  title = "{Preemptable Remote Execution Facilities for the V System}",
  booktitle = "{Proceedings of the 10th ACM Symposium on OS Principles}",
  pages = "2--12",
  year={1985}
}

@inproceedings{zayas,
  author = "{Zayas, E.}",
  title = "{Attacking the Process Migration Bottleneck}",
  booktitle = "{Proceedings of the 11th Symposium on Operating Systems Principles}",
  pages = "13--24",
  year={1987}
}

@inproceedings{douglis,
  author = "{Douglis, F. And Ousterhout, J.}",
  title = "{Transparent Process Migration: Design Alternatives and the Sprite Implementation}",
  booktitle = "{Software-Practice and Experience}",
  pages = "757--785",
  volume={21},
  issue={8},
  year={1991}
}

@inproceedings{roush,
  author = "{ROUSH, E. T. AND CAMPBELL, R.}",
  title = "{Fast Dynamic Process Migration}",
  booktitle = "{Proceedings of the International Conference on Distributed Computing Systems}",
  pages = "637--645",
  year={1996}
}

@inproceedings{mosix,
  author = "{BARAK, A. AND LITMAN, A.}",
  title = "{MOS: a Multicomputer Distributed Operating System}",
  booktitle = "{Software-Practice and Experience}",
  pages = "725--737",
  volume={15},
  issue={8},
  year={1985}
}

@inproceedings{sprite,
  author = "{OUSTERHOUT, J., CHERENSON, A., DOUGLIS, F., NELSON, M., AND WELCH}",
  title = "{The Sprite Network Operating System}",
  booktitle = "{IEEE Computer}",
  pages = "23--26",
  year={1988}
}

@inproceedings{locus,
  author = "{WALKER, B., POPEK, G., ENGLISH, R., KLINE, C., AND THIEL, G.}",
  title = "{The LOCUS Distributed Operating System}",
  booktitle = "{Proceedings of the 9th Symposium on Operating Systems Principles}",
  pages = "49--70",
  volume={17},
  issue={5},
  year={1983}
}


@inproceedings{osf1ad,
  author = "{ZAJCEW, R., ROY, P., BLACK, D., PEAK, C., GUEDES, P., KEMP, B., LOVERSO, J., LEIBENSPERGER, M., BARNETT, M., RABII, F., AND NETTERWALA, D.}",
  title = "{An OSF/1 UNIX for Massively Parallel Multicomputers}",
  booktitle = "{Proceedings of the Winter USENIX Conference}",
  pages = "449--468",
  year={1993}
}



@inproceedings{lazo,
  author = "{LAZOWSKA, E. D., LEVY, H. M., ALMES, G. T., FISHER, M. J., FOWLER, R. J., AND VESTAL, S. C.}",
  title = "{The Architecture of the Eden System}",
  booktitle = "{Proceedings of the 8th ACM Symposium on Operating Systems}",
  pages = "148--159",
  year={1981}
}

@inproceedings{loubutin,
  author = "{LOUBOUTIN, S.}",
  title = "{An Implementation of a Process Migration Mechanism using Minix}",
  booktitle = "{Proceedings of 1991 European Autumn Conference, Budapest, Hungary}",
  pages = "213--224",
  year={1991}
}

@inproceedings{sinha,
  author = "{SINHA, P., MAEKAWA, M., SHIMUZU, K., JIA, X., ASHIHARA, UTSUNOMIYA, N., PARK, AND NAKANO, H.}",
  title = "{The Galaxy Distributed Operating System}",
  booktitle = "{IEEE Computer}",
  pages = "34--40",
  year={1991},
  volume={24},
  issue={8}
}

@inproceedings{dediu,
  author = "{DEDIU, H., CHANG, C. H., AND AZZAM, H.}",
  title = "{Heavyweight Process Migration}",
  booktitle = "{Proceedings of the Third Workshop on Future Trends of Distributed Computing Systems}",
  pages = "221--225",
  year={1992}
}

@inproceedings{dijk,
  author = "{VAN DIJK, G. J. W. AND VAN GILS, M. J.}",
  title = "{Efficient process migration in the EMPS multiprocessor}",
  booktitle = "{Proceedings of the 6th International Parallel Processing Symposium}",
  pages = "58--66",
  year={1992}
}

@inproceedings{schill,
  author = "{SCHILL, A. AND MOCK, M.}",
  title = "{DC++: Distributed Object Oriented System Support on top of OSF DCE}",
  booktitle = "{Distributed Systems Engineering 1, 2}",
  pages = "112--125",
  year={1993}
}

@inproceedings{petri,
  author = "{PETRI, S. AND LANGENDORFER, H.}",
  title = "{Load Balancing and Fault Tolerance in Workstation Clusters Migrating Groups of Communicating Processes}",
  booktitle = "{Operating Systems Review}",
  pages = "25--36",
  year={1995},
  volume={29},
  issue={4}
}

@inproceedings{schrimpf,
  author = "{SCHRIMPF, H.}",
  title = "{Migration of Processes, Files and Virtual Devices in the MDX Operating System}",
  booktitle = "{Operating Systems Review}",
  pages = "70--81",
  year={1995},
  volume={29},
  issue={2}
}

@inproceedings{ksplice,
  author = "{J. ARNOLD AND M. FRANS KAASHOEK}",
  title = "{Ksplice: automatic rebootless kernel updates}",
  booktitle = "{Proceedings of the ACM EuroSys Conference}",
  year={2009}
}
@inproceedings{liveupdate,
  author = "{H. CHEN, R. CHEN, F. ZHANG, B. ZANG, AND P.-C. YEW.}",
  title = "{Live updating operating systems using virtualization}",
  booktitle = "{Proceedings of the 2nd international conference on Virtual execution environments}",
  pages = "35--44",
  year={2006}
}

@inproceedings{opus,
  author = "{P. BURSTEIN, G. ALTEKAR, I. BAGRAK AND A. SCHULTZ}",
  title = "{OPUS: Online Patches and Updates for Security}",
  booktitle = "{Proceedings of the 14th USENIX Security Symposium, Baltimore, MD USA}",
pages = "19--19",
  year={2005}
}
@inproceedings{dynamicupdate,
  author = "{A. BAUMANN, G. HEISER, J. APPAVOO, D. D. SILVA, O. KRIEGER, R. W. WISNIEWSKI, AND J. KERR}",
  title = "{Providing dynamic update in an operating system}",
  booktitle = "{Proceedings of the USENIX ATC, Anaheim, CA, USA}",
  pages = "279--291",
  year={2005}
}


@inproceedings{procm1,
  author = "{J. M. SMITH, J. GERALD, AND Q. MAGUIRE}",
  title = "{Process Migrations: Effects on Scientific Computation}",
  booktitle = "{ACM SIGPLAN Notices}",
  pages = "102--106",
  year={1988},
  volume={23},
  issue={3}
}


@inproceedings{migtime,
  author = "{C. CLARK , K. FRASER , S. HAND , J. GORM HANSEN , E. JUL , C. LIMPACH , I. PRATT , A. WARFIELD}",
  title = "{Live migration of virtual machines}",
  booktitle = "{Proceedings of the 2nd conference on Symposium on Networked Systems Design & Implementation}",
  pages = "273--286",
  year={2005}
}

@inproceedings{cloud,
  author = "{B. PRASAD RIMAL, E. CHOI, I. LUMB}",
  title = "{A Taxonomy and Survey of Cloud Computing Systems}",
  booktitle = "{Proceedings of the NCMâ€™09: Fifth International Joint Conference on INC, IMS and IDC}",
  pages = "44--51",
  year={2009}
}

@inproceedings{cloudusage,
  author = "{D. RAJDEEP, A. REDDY RAJA, AND D. KAKADIA}",
  title = "{"Virtualization vs Containerization to Support PaaS}",
  booktitle = "{Proceedings of the IEEE International Conference on Cloud Engineering}",
  year={2014}
}

@inproceedings{vmcntperf1,
  author = "{FELTER, W., FERREIRA, A., RAJAMONY, R., AND RUBIO, J.}",
  title = "{"An updated performance comparison of virtual machines and Linux containers}",
  booktitle = "{Proceedings of IEEE International Symposium on Performance Analysis of Systems and Software}",
pages = "171--172",
  year={2015}
}

@inproceedings{vmcntperf2,
  author = "{A. M. Joy}",
  title = "{"Performance comparison between linux containers and virtual machines}",
  booktitle = "{Proceedings of the International Conference on Advances in Computer Engineering and Application(ICACEA)}",
  pages = "342--346",
  year={2015}
}

@inproceedings{containeronhypervisor,
  author = "{D. BERNSTEIN}",
  title = "{Containers and Cloud: From LXC to Docker to Kubernetes}",
  booktitle = "{Proceedings of the IEEE Cloud Computing}",
  pages = "81--84",
  year={2014},
  volume={1},
  issue={3}
}
@inproceedings{containerusage1,
  author = "{W. LI, A. KANSO, AND A. GHERBI}",
  title = "{Leveraging linux containers to achieve high availability for cloud services}",
  booktitle = "{Proceedings of the IEEE international conference on cloud engineering}",
  pages = "76--83",
  year={2015},
}
@inproceedings{docker,
  author = "{MERKEL, D.}",
  title = "{Docker: Lightweight Linux Containers for Consistent Development and Deployment}",
  booktitle = "{Linux Journal}",
  year={2014},
  volume={2014},
  issue={239}
}


@inproceedings{granttable,
  author = "{K. FRASER, S. HAND, R. NEUGEBAUER, I. PRATT, A. WARFIELD, AND M. WILLIAMSON}",
  title = "{Safe Hardware Access with the Xen Virtual Machine Monitor}",
  booktitle = "{Proceedings of the Workshop on Operating System and Architectural Support for the On Demand IT InfraStructure (OASIS)}",
  year={2004}
}

@inproceedings{xen,
  author = "{P. Barham, B. Dragovic, K. Fraser, S. Hand, T. Harris, A. Ho, R. Neugebauer, I. Pratt, and A. Warfield}",
  title = "{Xen and the Art of Virtualization}",
  booktitle = "{Proceedings of the nineteenth ACM symposium on Operating systems principles (SOSP)}",
  pages = "164--177",
  year={2003}
}

@inproceedings{kvm,
  author = "{A. KIVITY, Y. KAMAY, K. LAOR, U. LUBLIN, AND A. LIGUORI}",
  title = "{Kvm: The linux virtual machine monitor}",
  booktitle = "{Proceedings of the Ottawa Linux Symposium}",
pages = "225--230",
  year={2007}
}

@inproceedings{qemu,
  author = "{BELLARD, F.}",
  title = "{QEMU, a fast and portable dynamic translator. }",
  booktitle = "{Proceedings of the USENIX Annual Technical Conference}",
  pages = "41--46",
  year={2005}
}

@inproceedings{sysbench,
  author = "{Kopytov, A.}",
  title = "Sysbench Manual",
  note={\url{http://imysql.com/wp-content/uploads/2014/10/sysbench-manual.pdf}},
  year={2009}
}

@misc{kpatch,
    author = "{Poimboeuf, J. and Jennings, S.}",
    title = "Introducing kpatch: Dynamic kernel patching",
    note={\url{https://rhelblog.redhat.com/2014/02/26/kpatch/}},
    year={2014}
}

@misc{kpatch1st,
    author = "J. Corbet",
    title = "The first kpatch submission",
    note={\url{https://lwn.net/Articles/597407/}},
    year={2014}
}
@misc{criu,
    author = "Checkpoint/Restore In Userspace",
    note={\url{https://criu.org/Main_Page}}
}

@misc{phaul,
    author = "P.Haul",
    note={\url{https://criu.org/P.Haul}}
}

@misc{openvz,
    author = "OpenVZ",
    note={\url{https://wiki.openvz.org/Main_Page}}
}

@misc{coreos_rocket,
    author = "Container Linux",
    note={\url{https://coreos.com/}}
}

@misc{livepatching,
    author = "Live patching",
    note={\url{https://kernelnewbies.org/Linux_4.0}}
}

@misc{kgraft,
    author = "kGraft: Live Kernel Patching",
    note={\url{https://www.suse.com/c/kgraft-live-kernel-patching/}}
}
@inproceedings{speccpu2017,
  author = "SPEC CPU 2017 benchmark suite",
  note={\url{https://www.spec.org/cpu2017/}}
}


@inproceedings{lxc,
  author = "Linux Containers",
  note={\url{https://linuxcontainers.org/lxc/introduction/}}
}


@inproceedings{lxd,
  author = "Linux Containers",
  note={\url{https://linuxcontainers.org/lxd/introduction/}}
}

@inproceedings{aws,
  author = "Amazon Elastic Container Service",
  note={\url{https://aws.amazon.com/ecs/}}
}

@inproceedings{gcpkubernetes,
  author = "Kubernetes Engine",
  note={\url{https://cloud.google.com/kubernetes-engine/}}
}

@inproceedings{azureks,
  author = "Azure Kubernetes Service",
  note={\url{https://azure.microsoft.com/en-us/services/kubernetes-service/}}
}

@inproceedings{ibmkubernetes,
  author = "IBM Cloud Kubernetes Service",
  note={\url{https://www.ibm.com/cloud/container-service}}
}

@inproceedings{vmwarepks,
  author = "VMware Pivotal Container Service",
  note={\url{https://cloud.vmware.com/vmware-pks}}
}


@inproceedings{googlecontainer,
  author = "Google: 'EVERYTHING at Google runs in a container",
  note={\url{https://www.theregister.co.uk/2014/05/23/google_containerization_two_billion/}}
}

@misc{Lambda,
      author  = "AWS Lambda",
      note = {\url{https://aws.amazon.com/lambda/}},
    }
    
@misc{gcpserverless,
	author="Google Serverless Computing",
    note={\url{https://cloud.google.com/serverless/}}
}


@misc{azureserverless,
	author="Azure Serverless Computing",
    note={\url{https://azure.microsoft.com/en-us/overview/serverless-computing/}}
}

@inproceedings{faas,
  author = "{Ellis, A.}",
  title     = {{Introducing Functions as a Service (OpenFaaS).}},
   note={\url{https://blog.alexellis.io/introducing-functions-as-a-service/}}
}

@inproceedings{hendrickson2016serverless,
  author = "{HENDRICKSON, S., STURDEVANT, S., HARTER, T., VENKATARAMANI, V., ARPACI-DUSSEAU, A. C., AND ARPACI-DUSSEAU, R. H.}",
  title = "{Serverless computation with openlambda}",
  booktitle = "{Proceedings of the 8th USENIX Workshop on Hot Topics in Cloud Computing, HotCloud}",  
  year={2016}
}

@inproceedings{evl,
  author = "{WILLIAMS, D., HU, Y., DESHPANDE, U., SINHA, P. K., BILA, N., GOPALAN, K., AND JAMJOOM, H.}",
  title = "{Enabling efficient hypervisor-as-aservice clouds with ephemeral virtualization.}",
  booktitle = "{Proceedings of the 12th ACM SIGPLAN/SIGOPS International Conference on Virtual Execution Environments (VEE)}",  
  year={2016}
}

@inproceedings{intelept,
  author = "{Intel}",
  title = "{Enabling IntelÂ® Virtualization Technology Features and Benefits (White Paper)}",
  note={\url{https://www.intel.com/content/dam/www/public/us/en/documents/white-papers/virtualization-enabling-intel-virtualization-technology-features-and-benefits-paper.pdf}}
}

@inproceedings{amdnpt,
  author = "{AMD}",
  title = "{AMD-V Nested Paging (White Paper)}",
  note={\url{http://developer.amd.com/wordpress/media/2012/10/NPT-WP-1%201-final-TM.pdf}},
  year={2008}
}

@misc{kvmhpcl,
    author = "Linux KVM Hypercall",
    note={\url{https://www.kernel.org/doc/Documentation/virtual/kvm/hypercalls.txt}}
}

@article{Hines:2009:PLM:1618525.1618528,
 author = {Hines, Michael R. and Deshpande, Umesh and Gopalan, Kartik},
 title = {Post-copy Live Migration of Virtual Machines},
 journal = {SIGOPS Oper. Syst. Rev.},
 issue_date = {July 2009},
 volume = {43},
 number = {3},
 month = jul,
 year = {2009},
 issn = {0163-5980},
 pages = {14--26},
 numpages = {13},
 url = {http://doi.acm.org/10.1145/1618525.1618528},
 doi = {10.1145/1618525.1618528},
 acmid = {1618528},
 publisher = {ACM},
 address = {New York, NY, USA},
 keywords = {operating systems, post-copy, process migration, virtual machines, xen},
} 

@inproceedings{parsec,
  author = "{C. Bienia, s. Kumar, j. P. Singh, and k. Li}",
  title = "{The PARSEC Benchmark Suite: Characterization and Architectural Implications.}",
  booktitle = "{Proceedings of the 17th International Conference on Parallel Architectures and Compilation Techniques}",  
  note={\url{http://parsec.cs.princeton.edu/}},
  year={2008}
}


